% Este e um ficheiro exemplo com entradas bibtex. Basta acrescentar aqui entradas para depois as poder citar

@Book{NCM,
ALTauthor = {Easley, David and Kleinberg, Jon},
title = {Network, Crowds, and Markets: Reasoning about a Highly Connected World},
publisher = {Cambridge University Press},
year = {2010}
}


@Book{NS,
ALTauthor = {Barabási, Albert-László},
title = {Network Science},
publisher = {Cambridge University Press},
year = {2016}
}


@article{liu2005co,
  title={Co-authorship networks in the digital library research community},
  author={Liu, Xiaoming and Bollen, Johan and Nelson, Michael L. and Van de Sompel, Herbert},
  journal={Information processing \& management},
  volume={41},
  number={6},
  pages={1462--1480},
  year={2005},
  publisher={Elsevier Science}
}


@online{Gephi,
author = {Bastian, Mathieu},
title = {Gephi makes graphs handy},
year = {2016},
url = {https://gephi.org/}
}

@online{Authenticus,
title = {Authenticus system},
year = {2016},
url = {https://www.authenticus.pt/}
}


@online{networklit,
author = {NetSciEd},
title = {Network literacy: essential concepts and core ideas},
year = {2016},
url = {https://sites.google.com/a/binghamton.edu/netscied/teaching-learning/network-concepts}
}


@article{newman2003structure,
  title={The structure and function of complex networks},
  author={Newman, Mark EJ},
  journal={SIAM review},
  volume={45},
  number={2},
  pages={167--256},
  year={2003},
  publisher={SIAM}
}


@inproceedings{towardsaut2011,
  title={Towards automatic discovery of co-authorship networks in the brazilian academic areas},
  author={Mena-Chalco, Jes{\'u}s P and Junior, Roberto M Cesar},
  booktitle={e-Science Workshops (eScienceW), 2011 IEEE Seventh International Conference on},
  pages={53--60},
  year={2011},
  organization={IEEE}
}


@article{newman2001structure,
  title={The structure of scientific collaboration networks},
  author={Newman, Mark EJ},
  journal={Proceedings of the National Academy of Sciences},
  volume={98},
  number={2},
  pages={404--409},
  year={2001},
  publisher={National Acad Sciences}
}

@InProceedings{pagerank98,
  title={The anatomy of a large-scale hypertextual Web search engine},
  author={Page, L. and Brin, S.},
  booktitle={Proceedings of the seventh international
World-Wide Web conference},
  year={1998}
}
